<record><leader>00000cas a2200000 a 4500</leader><controlfield tag="001">9739440</controlfield><controlfield tag="008">830726d18131815vtuwr ne      0    0eng c</controlfield><datafield ind1=" " ind2=" " tag="010"><subfield code="a">sn 83025681 </subfield></datafield><datafield ind1=" " ind2=" " tag="040"><subfield code="a">NPV</subfield><subfield code="b">eng</subfield><subfield code="c">NPV</subfield><subfield code="d">NPX</subfield><subfield code="d">NPU</subfield><subfield code="d">NPA</subfield><subfield code="d">DLC</subfield><subfield code="d">NJW</subfield><subfield code="d">KNP</subfield><subfield code="d">NVK</subfield><subfield code="d">NVN</subfield><subfield code="d">OCL</subfield><subfield code="d">CVF</subfield><subfield code="d">OCLCG</subfield><subfield code="d">KRTAS</subfield><subfield code="d">OCLCQ</subfield><subfield code="d">OCLCF</subfield><subfield code="d">OCLCO</subfield></datafield><datafield ind1="1" ind2=" " tag="029"><subfield code="a">AU@</subfield><subfield code="b">000025816571</subfield></datafield><datafield ind1=" " ind2=" " tag="042"><subfield code="a">pcc</subfield></datafield><datafield ind1=" " ind2=" " tag="043"><subfield code="a">n-us-vt</subfield></datafield><datafield ind1=" " ind2=" " tag="045"><subfield code="a">w1w1</subfield></datafield><datafield ind1="0" ind2="0" tag="050"><subfield code="a">Newspaper</subfield></datafield><datafield ind1=" " ind2=" " tag="052"><subfield code="a">3753</subfield><subfield code="b">A2</subfield></datafield><datafield ind1="0" ind2="0" tag="245"><subfield code="a">Columbian patriot.</subfield></datafield><datafield ind1="3" ind2="0" tag="246"><subfield code="a">Patriot</subfield></datafield><datafield ind1=" " ind2=" " tag="260"><subfield code="a">Middlebury, Vt. :</subfield><subfield code="b">Bartimeus Ferguson,</subfield><subfield code="c">1813-1815.</subfield></datafield><datafield ind1=" " ind2=" " tag="300"><subfield code="a">v. :</subfield><subfield code="b">ill. (chiefly advertisements) ;</subfield><subfield code="c">51 cm.</subfield></datafield><datafield ind1=" " ind2=" " tag="310"><subfield code="a">Weekly</subfield></datafield><datafield ind1="0" ind2=" " tag="362"><subfield code="a">Vol. 1, no. 1 (Sept. 1, 1813)-v. 2, no. 52 (Aug. 23, 1815).</subfield></datafield><datafield ind1=" " ind2=" " tag="500"><subfield code="a">Publishers: Jan. 19, 1814-Feb. 15, 1815, Slade &amp; Ferguson; Feb. 22-Aug. 23, 1815, W. Slade.</subfield></datafield><datafield ind1=" " ind2=" " tag="500"><subfield code="a">"Republican."</subfield></datafield><datafield ind1=" " ind2=" " tag="500"><subfield code="a">Editors: N.H. Wright, 1813-1814; W. Slade, Jr., 1815.</subfield></datafield><datafield ind1=" " ind2=" " tag="530"><subfield code="a">Also issued on microopaque from Readex Microprint Corp. and on microfilm from Harvard University and Readex Microprint Corp.</subfield></datafield><datafield ind1=" " ind2="0" tag="651"><subfield code="a">Middlebury (Vt.)</subfield><subfield code="v">Newspapers.</subfield></datafield><datafield ind1=" " ind2="0" tag="651"><subfield code="a">Vermont</subfield><subfield code="v">Newspapers.</subfield></datafield><datafield ind1=" " ind2="7" tag="655"><subfield code="a">Newspapers.</subfield><subfield code="2">fast</subfield><subfield code="0">(OCoLC)fst01423814</subfield></datafield><datafield ind1=" " ind2="7" tag="651"><subfield code="a">Vermont.</subfield><subfield code="2">fast</subfield><subfield code="0">(OCoLC)fst01204305</subfield></datafield><datafield ind1=" " ind2="7" tag="651"><subfield code="a">Vermont</subfield><subfield code="z">Middlebury.</subfield><subfield code="2">fast</subfield><subfield code="0">(OCoLC)fst01202765</subfield></datafield><datafield ind1="1" ind2=" " tag="700"><subfield code="a">Slade, William,</subfield><subfield code="d">1786-1859.</subfield></datafield><datafield ind1="1" ind2=" " tag="700"><subfield code="a">Wright, N. Hill</subfield><subfield code="q">(Nathaniel Hill),</subfield><subfield code="d">1787-1824.</subfield></datafield><datafield ind1=" " ind2=" " tag="752"><subfield code="a">United States</subfield><subfield code="b">Vermont</subfield><subfield code="c">Addison</subfield><subfield code="d">Middlebury.</subfield></datafield><datafield ind1="0" ind2="0" tag="785"><subfield code="t">National standard (Middlebury, Vt. : 1815)</subfield><subfield code="w">(DLC)sn 83025682</subfield><subfield code="w">(OCoLC)9739671</subfield></datafield><datafield ind1=" " ind2=" " tag="938"><subfield code="a">Kirtas Technologies, Inc.</subfield><subfield code="b">KRTS</subfield><subfield code="n">737165</subfield></datafield></record>